%YAML 1.1
%TAG !u! tag:unity3d.com,2011:
--- !u!1 &5095988995366753089
GameObject:
  m_ObjectHideFlags: 0
  m_CorrespondingSourceObject: {fileID: 0}
  m_PrefabInstance: {fileID: 0}
  m_PrefabAsset: {fileID: 0}
  serializedVersion: 6
  m_Component:
  - component: {fileID: 6818261483980202453}
  - component: {fileID: 7121115125631189130}
  - component: {fileID: 1582563359473162351}
  - component: {fileID: 7609472124067418253}
  m_Layer: 0
  m_Name: Cube (1)
  m_TagString: obsts
  m_Icon: {fileID: 0}
  m_NavMeshLayer: 0
  m_StaticEditorFlags: 0
  m_IsActive: 1
--- !u!4 &6818261483980202453
Transform:
  m_ObjectHideFlags: 0
  m_CorrespondingSourceObject: {fileID: 0}
  m_PrefabInstance: {fileID: 0}
  m_PrefabAsset: {fileID: 0}
  m_GameObject: {fileID: 5095988995366753089}
  m_LocalRotation: {x: 0, y: 0, z: 0, w: 1}
  m_LocalPosition: {x: -3, y: 0, z: 0}
  m_LocalScale: {x: 2.5, y: 3, z: 1}
  m_Children: []
  m_Father: {fileID: 6795283519503578305}
  m_RootOrder: 2
  m_LocalEulerAnglesHint: {x: 0, y: 0, z: 0}
--- !u!33 &7121115125631189130
MeshFilter:
  m_ObjectHideFlags: 0
  m_CorrespondingSourceObject: {fileID: 0}
  m_PrefabInstance: {fileID: 0}
  m_PrefabAsset: {fileID: 0}
  m_GameObject: {fileID: 5095988995366753089}
  m_Mesh: {fileID: 10202, guid: 0000000000000000e000000000000000, type: 0}
--- !u!23 &1582563359473162351
MeshRenderer:
  m_ObjectHideFlags: 0
  m_CorrespondingSourceObject: {fileID: 0}
  m_PrefabInstance: {fileID: 0}
  m_PrefabAsset: {fileID: 0}
  m_GameObject: {fileID: 5095988995366753089}
  m_Enabled: 1
  m_CastShadows: 1
  m_ReceiveShadows: 1
  m_DynamicOccludee: 1
  m_MotionVectors: 1
  m_LightProbeUsage: 1
  m_ReflectionProbeUsage: 1
  m_RayTracingMode: 2
  m_RayTraceProcedural: 0
  m_RenderingLayerMask: 1
  m_RendererPriority: 0
  m_Materials:
  - {fileID: 10303, guid: 0000000000000000f000000000000000, type: 0}
  m_StaticBatchInfo:
    firstSubMesh: 0
    subMeshCount: 0
  m_StaticBatchRoot: {fileID: 0}
  m_ProbeAnchor: {fileID: 0}
  m_LightProbeVolumeOverride: {fileID: 0}
  m_ScaleInLightmap: 1
  m_ReceiveGI: 1
  m_PreserveUVs: 0
  m_IgnoreNormalsForChartDetection: 0
  m_ImportantGI: 0
  m_StitchLightmapSeams: 1
  m_SelectedEditorRenderState: 3
  m_MinimumChartSize: 4
  m_AutoUVMaxDistance: 0.5
  m_AutoUVMaxAngle: 89
  m_LightmapParameters: {fileID: 0}
  m_SortingLayerID: 0
  m_SortingLayer: 0
  m_SortingOrder: 0
  m_AdditionalVertexStreams: {fileID: 0}
--- !u!65 &7609472124067418253
BoxCollider:
  m_ObjectHideFlags: 0
  m_CorrespondingSourceObject: {fileID: 0}
  m_PrefabInstance: {fileID: 0}
  m_PrefabAsset: {fileID: 0}
  m_GameObject: {fileID: 5095988995366753089}
  m_Material: {fileID: 0}
  m_IsTrigger: 0
  m_Enabled: 1
  serializedVersion: 2
  m_Size: {x: 1, y: 1, z: 1}
  m_Center: {x: 0, y: 0, z: 0}
--- !u!1 &6545956397427666226
GameObject:
  m_ObjectHideFlags: 0
  m_CorrespondingSourceObject: {fileID: 0}
  m_PrefabInstance: {fileID: 0}
  m_PrefabAsset: {fileID: 0}
  serializedVersion: 6
  m_Component:
  - component: {fileID: 1200010692537041764}
  - component: {fileID: 2585533072463755649}
  - component: {fileID: 8119828767762154239}
  - component: {fileID: 6682719208263157890}
  m_Layer: 0
  m_Name: Cube
  m_TagString: obsts
  m_Icon: {fileID: 0}
  m_NavMeshLayer: 0
  m_StaticEditorFlags: 0
  m_IsActive: 1
--- !u!4 &1200010692537041764
Transform:
  m_ObjectHideFlags: 0
  m_CorrespondingSourceObject: {fileID: 0}
  m_PrefabInstance: {fileID: 0}
  m_PrefabAsset: {fileID: 0}
  m_GameObject: {fileID: 6545956397427666226}
  m_LocalRotation: {x: 0, y: 0, z: 0, w: 1}
  m_LocalPosition: {x: 3, y: 0, z: 0}
  m_LocalScale: {x: 2.5, y: 3, z: 2}
  m_Children: []
  m_Father: {fileID: 6795283519503578305}
  m_RootOrder: 1
  m_LocalEulerAnglesHint: {x: 0, y: 0, z: 0}
--- !u!33 &2585533072463755649
MeshFilter:
  m_ObjectHideFlags: 0
  m_CorrespondingSourceObject: {fileID: 0}
  m_PrefabInstance: {fileID: 0}
  m_PrefabAsset: {fileID: 0}
  m_GameObject: {fileID: 6545956397427666226}
  m_Mesh: {fileID: 10202, guid: 0000000000000000e000000000000000, type: 0}
--- !u!23 &8119828767762154239
MeshRenderer:
  m_ObjectHideFlags: 0
  m_CorrespondingSourceObject: {fileID: 0}
  m_PrefabInstance: {fileID: 0}
  m_PrefabAsset: {fileID: 0}
  m_GameObject: {fileID: 6545956397427666226}
  m_Enabled: 1
  m_CastShadows: 1
  m_ReceiveShadows: 1
  m_DynamicOccludee: 1
  m_MotionVectors: 1
  m_LightProbeUsage: 1
  m_ReflectionProbeUsage: 1
  m_RayTracingMode: 2
  m_RayTraceProcedural: 0
  m_RenderingLayerMask: 1
  m_RendererPriority: 0
  m_Materials:
  - {fileID: 10303, guid: 0000000000000000f000000000000000, type: 0}
  m_StaticBatchInfo:
    firstSubMesh: 0
    subMeshCount: 0
  m_StaticBatchRoot: {fileID: 0}
  m_ProbeAnchor: {fileID: 0}
  m_LightProbeVolumeOverride: {fileID: 0}
  m_ScaleInLightmap: 1
  m_ReceiveGI: 1
  m_PreserveUVs: 0
  m_IgnoreNormalsForChartDetection: 0
  m_ImportantGI: 0
  m_StitchLightmapSeams: 1
  m_SelectedEditorRenderState: 3
  m_MinimumChartSize: 4
  m_AutoUVMaxDistance: 0.5
  m_AutoUVMaxAngle: 89
  m_LightmapParameters: {fileID: 0}
  m_SortingLayerID: 0
  m_SortingLayer: 0
  m_SortingOrder: 0
  m_AdditionalVertexStreams: {fileID: 0}
--- !u!65 &6682719208263157890
BoxCollider:
  m_ObjectHideFlags: 0
  m_CorrespondingSourceObject: {fileID: 0}
  m_PrefabInstance: {fileID: 0}
  m_PrefabAsset: {fileID: 0}
  m_GameObject: {fileID: 6545956397427666226}
  m_Material: {fileID: 0}
  m_IsTrigger: 0
  m_Enabled: 1
  serializedVersion: 2
  m_Size: {x: 1, y: 1, z: 1}
  m_Center: {x: 0, y: 0, z: 0}
--- !u!1 &7091528500704700782
GameObject:
  m_ObjectHideFlags: 0
  m_CorrespondingSourceObject: {fileID: 0}
  m_PrefabInstance: {fileID: 0}
  m_PrefabAsset: {fileID: 0}
  serializedVersion: 6
  m_Component:
  - component: {fileID: 6795283519503578305}
  m_Layer: 0
  m_Name: road5
  m_TagString: Untagged
  m_Icon: {fileID: 0}
  m_NavMeshLayer: 0
  m_StaticEditorFlags: 0
  m_IsActive: 1
--- !u!4 &6795283519503578305
Transform:
  m_ObjectHideFlags: 0
  m_CorrespondingSourceObject: {fileID: 0}
  m_PrefabInstance: {fileID: 0}
  m_PrefabAsset: {fileID: 0}
  m_GameObject: {fileID: 7091528500704700782}
  m_LocalRotation: {x: 0, y: 0, z: 0, w: 1}
  m_LocalPosition: {x: 0, y: 0, z: 0}
  m_LocalScale: {x: 1, y: 1, z: 1}
  m_Children:
  - {fileID: 8738939608973378767}
  - {fileID: 1200010692537041764}
  - {fileID: 6818261483980202453}
  - {fileID: 4555954034381554494}
  - {fileID: 6298363438195659212}
  - {fileID: 5982279375646610447}
  - {fileID: 8485784418824011515}
  m_Father: {fileID: 0}
  m_RootOrder: 0
  m_LocalEulerAnglesHint: {x: 0, y: 0, z: 0}
--- !u!1 &8738939608973378611
GameObject:
  m_ObjectHideFlags: 0
  m_CorrespondingSourceObject: {fileID: 0}
  m_PrefabInstance: {fileID: 0}
  m_PrefabAsset: {fileID: 0}
  serializedVersion: 6
  m_Component:
  - component: {fileID: 8738939608973378767}
  - component: {fileID: 8738939608973378766}
  - component: {fileID: 8738939608973378609}
  - component: {fileID: 8738939608973378608}
  m_Layer: 0
  m_Name: ground
  m_TagString: Untagged
  m_Icon: {fileID: 0}
  m_NavMeshLayer: 0
  m_StaticEditorFlags: 0
  m_IsActive: 1
--- !u!4 &8738939608973378767
Transform:
  m_ObjectHideFlags: 0
  m_CorrespondingSourceObject: {fileID: 0}
  m_PrefabInstance: {fileID: 0}
  m_PrefabAsset: {fileID: 0}
  m_GameObject: {fileID: 8738939608973378611}
  m_LocalRotation: {x: -0, y: -0, z: -0, w: 1}
  m_LocalPosition: {x: 0, y: 0, z: 0}
  m_LocalScale: {x: 1, y: 1, z: 10}
  m_Children: []
  m_Father: {fileID: 6795283519503578305}
  m_RootOrder: 0
  m_LocalEulerAnglesHint: {x: 0, y: 0, z: 0}
--- !u!33 &8738939608973378766
MeshFilter:
  m_ObjectHideFlags: 0
  m_CorrespondingSourceObject: {fileID: 0}
  m_PrefabInstance: {fileID: 0}
  m_PrefabAsset: {fileID: 0}
  m_GameObject: {fileID: 8738939608973378611}
  m_Mesh: {fileID: 10209, guid: 0000000000000000e000000000000000, type: 0}
--- !u!23 &8738939608973378609
MeshRenderer:
  m_ObjectHideFlags: 0
  m_CorrespondingSourceObject: {fileID: 0}
  m_PrefabInstance: {fileID: 0}
  m_PrefabAsset: {fileID: 0}
  m_GameObject: {fileID: 8738939608973378611}
  m_Enabled: 1
  m_CastShadows: 1
  m_ReceiveShadows: 1
  m_DynamicOccludee: 1
  m_MotionVectors: 1
  m_LightProbeUsage: 1
  m_ReflectionProbeUsage: 1
  m_RayTracingMode: 2
  m_RayTraceProcedural: 0
  m_RenderingLayerMask: 1
  m_RendererPriority: 0
  m_Materials:
  - {fileID: 2100000, guid: 3e50e267a73ccd84faa73a110fd194dc, type: 2}
  m_StaticBatchInfo:
    firstSubMesh: 0
    subMeshCount: 0
  m_StaticBatchRoot: {fileID: 0}
  m_ProbeAnchor: {fileID: 0}
  m_LightProbeVolumeOverride: {fileID: 0}
  m_ScaleInLightmap: 1
  m_ReceiveGI: 1
  m_PreserveUVs: 0
  m_IgnoreNormalsForChartDetection: 0
  m_ImportantGI: 0
  m_StitchLightmapSeams: 1
  m_SelectedEditorRenderState: 3
  m_MinimumChartSize: 4
  m_AutoUVMaxDistance: 0.5
  m_AutoUVMaxAngle: 89
  m_LightmapParameters: {fileID: 0}
  m_SortingLayerID: 0
  m_SortingLayer: 0
  m_SortingOrder: 0
  m_AdditionalVertexStreams: {fileID: 0}
--- !u!64 &8738939608973378608
MeshCollider:
  m_ObjectHideFlags: 0
  m_CorrespondingSourceObject: {fileID: 0}
  m_PrefabInstance: {fileID: 0}
  m_PrefabAsset: {fileID: 0}
  m_GameObject: {fileID: 8738939608973378611}
  m_Material: {fileID: 0}
  m_IsTrigger: 0
  m_Enabled: 1
  serializedVersion: 4
  m_Convex: 0
  m_CookingOptions: 30
  m_Mesh: {fileID: 10209, guid: 0000000000000000e000000000000000, type: 0}
--- !u!1001 &338118063243198392
PrefabInstance:
  m_ObjectHideFlags: 0
  serializedVersion: 2
  m_Modification:
    m_TransformParent: {fileID: 6795283519503578305}
    m_Modifications:
    - target: {fileID: 8174793560525914435, guid: 44451cb9d9a1faa41bd0dd6872ad9c5a, type: 3}
      propertyPath: m_RootOrder
      value: 6
      objectReference: {fileID: 0}
    - target: {fileID: 8174793560525914435, guid: 44451cb9d9a1faa41bd0dd6872ad9c5a, type: 3}
      propertyPath: m_LocalPosition.x
      value: 3.4
      objectReference: {fileID: 0}
    - target: {fileID: 8174793560525914435, guid: 44451cb9d9a1faa41bd0dd6872ad9c5a, type: 3}
      propertyPath: m_LocalPosition.y
      value: 1
      objectReference: {fileID: 0}
    - target: {fileID: 8174793560525914435, guid: 44451cb9d9a1faa41bd0dd6872ad9c5a, type: 3}
      propertyPath: m_LocalPosition.z
      value: 16.6
      objectReference: {fileID: 0}
    - target: {fileID: 8174793560525914435, guid: 44451cb9d9a1faa41bd0dd6872ad9c5a, type: 3}
      propertyPath: m_LocalRotation.w
      value: 0.7071068
      objectReference: {fileID: 0}
    - target: {fileID: 8174793560525914435, guid: 44451cb9d9a1faa41bd0dd6872ad9c5a, type: 3}
      propertyPath: m_LocalRotation.x
      value: 0
      objectReference: {fileID: 0}
    - target: {fileID: 8174793560525914435, guid: 44451cb9d9a1faa41bd0dd6872ad9c5a, type: 3}
      propertyPath: m_LocalRotation.y
      value: 0
      objectReference: {fileID: 0}
    - target: {fileID: 8174793560525914435, guid: 44451cb9d9a1faa41bd0dd6872ad9c5a, type: 3}
      propertyPath: m_LocalRotation.z
      value: 0.7071068
      objectReference: {fileID: 0}
    - target: {fileID: 8174793560525914435, guid: 44451cb9d9a1faa41bd0dd6872ad9c5a, type: 3}
      propertyPath: m_LocalEulerAnglesHint.x
      value: 0
      objectReference: {fileID: 0}
    - target: {fileID: 8174793560525914435, guid: 44451cb9d9a1faa41bd0dd6872ad9c5a, type: 3}
      propertyPath: m_LocalEulerAnglesHint.y
      value: 0
      objectReference: {fileID: 0}
    - target: {fileID: 8174793560525914435, guid: 44451cb9d9a1faa41bd0dd6872ad9c5a, type: 3}
      propertyPath: m_LocalEulerAnglesHint.z
      value: 90
      objectReference: {fileID: 0}
    - target: {fileID: 8174793560525914439, guid: 44451cb9d9a1faa41bd0dd6872ad9c5a, type: 3}
      propertyPath: m_Name
      value: coin (3)
      objectReference: {fileID: 0}
    m_RemovedComponents: []
  m_SourcePrefab: {fileID: 100100000, guid: 44451cb9d9a1faa41bd0dd6872ad9c5a, type: 3}
--- !u!4 &8485784418824011515 stripped
Transform:
  m_CorrespondingSourceObject: {fileID: 8174793560525914435, guid: 44451cb9d9a1faa41bd0dd6872ad9c5a, type: 3}
  m_PrefabInstance: {fileID: 338118063243198392}
  m_PrefabAsset: {fileID: 0}
--- !u!1001 &2483700061188625740
PrefabInstance:
  m_ObjectHideFlags: 0
  serializedVersion: 2
  m_Modification:
    m_TransformParent: {fileID: 6795283519503578305}
    m_Modifications:
    - target: {fileID: 8174793560525914435, guid: 44451cb9d9a1faa41bd0dd6872ad9c5a, type: 3}
      propertyPath: m_RootOrder
      value: 5
      objectReference: {fileID: 0}
    - target: {fileID: 8174793560525914435, guid: 44451cb9d9a1faa41bd0dd6872ad9c5a, type: 3}
      propertyPath: m_LocalPosition.x
      value: 3.2
      objectReference: {fileID: 0}
    - target: {fileID: 8174793560525914435, guid: 44451cb9d9a1faa41bd0dd6872ad9c5a, type: 3}
      propertyPath: m_LocalPosition.y
      value: 1
      objectReference: {fileID: 0}
    - target: {fileID: 8174793560525914435, guid: 44451cb9d9a1faa41bd0dd6872ad9c5a, type: 3}
      propertyPath: m_LocalPosition.z
      value: -27.5
      objectReference: {fileID: 0}
    - target: {fileID: 8174793560525914435, guid: 44451cb9d9a1faa41bd0dd6872ad9c5a, type: 3}
      propertyPath: m_LocalRotation.w
      value: 0.7071068
      objectReference: {fileID: 0}
    - target: {fileID: 8174793560525914435, guid: 44451cb9d9a1faa41bd0dd6872ad9c5a, type: 3}
      propertyPath: m_LocalRotation.x
      value: 0
      objectReference: {fileID: 0}
    - target: {fileID: 8174793560525914435, guid: 44451cb9d9a1faa41bd0dd6872ad9c5a, type: 3}
      propertyPath: m_LocalRotation.y
      value: 0
      objectReference: {fileID: 0}
    - target: {fileID: 8174793560525914435, guid: 44451cb9d9a1faa41bd0dd6872ad9c5a, type: 3}
      propertyPath: m_LocalRotation.z
      value: 0.7071068
      objectReference: {fileID: 0}
    - target: {fileID: 8174793560525914435, guid: 44451cb9d9a1faa41bd0dd6872ad9c5a, type: 3}
      propertyPath: m_LocalEulerAnglesHint.x
      value: 0
      objectReference: {fileID: 0}
    - target: {fileID: 8174793560525914435, guid: 44451cb9d9a1faa41bd0dd6872ad9c5a, type: 3}
      propertyPath: m_LocalEulerAnglesHint.y
      value: 0
      objectReference: {fileID: 0}
    - target: {fileID: 8174793560525914435, guid: 44451cb9d9a1faa41bd0dd6872ad9c5a, type: 3}
      propertyPath: m_LocalEulerAnglesHint.z
      value: 90
      objectReference: {fileID: 0}
    - target: {fileID: 8174793560525914439, guid: 44451cb9d9a1faa41bd0dd6872ad9c5a, type: 3}
      propertyPath: m_Name
      value: coin (2)
      objectReference: {fileID: 0}
    m_RemovedComponents: []
  m_SourcePrefab: {fileID: 100100000, guid: 44451cb9d9a1faa41bd0dd6872ad9c5a, type: 3}
--- !u!4 &5982279375646610447 stripped
Transform:
  m_CorrespondingSourceObject: {fileID: 8174793560525914435, guid: 44451cb9d9a1faa41bd0dd6872ad9c5a, type: 3}
  m_PrefabInstance: {fileID: 2483700061188625740}
  m_PrefabAsset: {fileID: 0}
--- !u!1001 &2745783188700369039
PrefabInstance:
  m_ObjectHideFlags: 0
  serializedVersion: 2
  m_Modification:
    m_TransformParent: {fileID: 6795283519503578305}
    m_Modifications:
    - target: {fileID: 8174793560525914435, guid: 44451cb9d9a1faa41bd0dd6872ad9c5a, type: 3}
      propertyPath: m_RootOrder
      value: 4
      objectReference: {fileID: 0}
    - target: {fileID: 8174793560525914435, guid: 44451cb9d9a1faa41bd0dd6872ad9c5a, type: 3}
      propertyPath: m_LocalPosition.x
      value: -1.145
      objectReference: {fileID: 0}
    - target: {fileID: 8174793560525914435, guid: 44451cb9d9a1faa41bd0dd6872ad9c5a, type: 3}
      propertyPath: m_LocalPosition.y
      value: 1.027
      objectReference: {fileID: 0}
    - target: {fileID: 8174793560525914435, guid: 44451cb9d9a1faa41bd0dd6872ad9c5a, type: 3}
      propertyPath: m_LocalPosition.z
      value: -39.6
      objectReference: {fileID: 0}
    - target: {fileID: 8174793560525914435, guid: 44451cb9d9a1faa41bd0dd6872ad9c5a, type: 3}
      propertyPath: m_LocalRotation.w
      value: 0.7071068
      objectReference: {fileID: 0}
    - target: {fileID: 8174793560525914435, guid: 44451cb9d9a1faa41bd0dd6872ad9c5a, type: 3}
      propertyPath: m_LocalRotation.x
      value: 0
      objectReference: {fileID: 0}
    - target: {fileID: 8174793560525914435, guid: 44451cb9d9a1faa41bd0dd6872ad9c5a, type: 3}
      propertyPath: m_LocalRotation.y
      value: 0
      objectReference: {fileID: 0}
    - target: {fileID: 8174793560525914435, guid: 44451cb9d9a1faa41bd0dd6872ad9c5a, type: 3}
      propertyPath: m_LocalRotation.z
      value: 0.7071068
      objectReference: {fileID: 0}
    - target: {fileID: 8174793560525914435, guid: 44451cb9d9a1faa41bd0dd6872ad9c5a, type: 3}
      propertyPath: m_LocalEulerAnglesHint.x
      value: 0
      objectReference: {fileID: 0}
    - target: {fileID: 8174793560525914435, guid: 44451cb9d9a1faa41bd0dd6872ad9c5a, type: 3}
      propertyPath: m_LocalEulerAnglesHint.y
      value: 0
      objectReference: {fileID: 0}
    - target: {fileID: 8174793560525914435, guid: 44451cb9d9a1faa41bd0dd6872ad9c5a, type: 3}
      propertyPath: m_LocalEulerAnglesHint.z
      value: 90
      objectReference: {fileID: 0}
    - target: {fileID: 8174793560525914439, guid: 44451cb9d9a1faa41bd0dd6872ad9c5a, type: 3}
      propertyPath: m_Name
      value: coin (1)
      objectReference: {fileID: 0}
    m_RemovedComponents: []
  m_SourcePrefab: {fileID: 100100000, guid: 44451cb9d9a1faa41bd0dd6872ad9c5a, type: 3}
--- !u!4 &6298363438195659212 stripped
Transform:
  m_CorrespondingSourceObject: {fileID: 8174793560525914435, guid: 44451cb9d9a1faa41bd0dd6872ad9c5a, type: 3}
  m_PrefabInstance: {fileID: 2745783188700369039}
  m_PrefabAsset: {fileID: 0}
--- !u!1001 &5640955758836073085
PrefabInstance:
  m_ObjectHideFlags: 0
  serializedVersion: 2
  m_Modification:
    m_TransformParent: {fileID: 6795283519503578305}
    m_Modifications:
    - target: {fileID: 8174793560525914435, guid: 44451cb9d9a1faa41bd0dd6872ad9c5a, type: 3}
      propertyPath: m_RootOrder
      value: 3
      objectReference: {fileID: 0}
    - target: {fileID: 8174793560525914435, guid: 44451cb9d9a1faa41bd0dd6872ad9c5a, type: 3}
      propertyPath: m_LocalPosition.x
      value: -3.4
      objectReference: {fileID: 0}
    - target: {fileID: 8174793560525914435, guid: 44451cb9d9a1faa41bd0dd6872ad9c5a, type: 3}
      propertyPath: m_LocalPosition.y
      value: 1
      objectReference: {fileID: 0}
    - target: {fileID: 8174793560525914435, guid: 44451cb9d9a1faa41bd0dd6872ad9c5a, type: 3}
      propertyPath: m_LocalPosition.z
      value: 37.8
      objectReference: {fileID: 0}
    - target: {fileID: 8174793560525914435, guid: 44451cb9d9a1faa41bd0dd6872ad9c5a, type: 3}
      propertyPath: m_LocalRotation.w
      value: 0.7071068
      objectReference: {fileID: 0}
    - target: {fileID: 8174793560525914435, guid: 44451cb9d9a1faa41bd0dd6872ad9c5a, type: 3}
      propertyPath: m_LocalRotation.x
      value: 0
      objectReference: {fileID: 0}
    - target: {fileID: 8174793560525914435, guid: 44451cb9d9a1faa41bd0dd6872ad9c5a, type: 3}
      propertyPath: m_LocalRotation.y
      value: 0
      objectReference: {fileID: 0}
    - target: {fileID: 8174793560525914435, guid: 44451cb9d9a1faa41bd0dd6872ad9c5a, type: 3}
      propertyPath: m_LocalRotation.z
      value: 0.7071068
      objectReference: {fileID: 0}
    - target: {fileID: 8174793560525914435, guid: 44451cb9d9a1faa41bd0dd6872ad9c5a, type: 3}
      propertyPath: m_LocalEulerAnglesHint.x
      value: 0
      objectReference: {fileID: 0}
    - target: {fileID: 8174793560525914435, guid: 44451cb9d9a1faa41bd0dd6872ad9c5a, type: 3}
      propertyPath: m_LocalEulerAnglesHint.y
      value: 0
      objectReference: {fileID: 0}
    - target: {fileID: 8174793560525914435, guid: 44451cb9d9a1faa41bd0dd6872ad9c5a, type: 3}
      propertyPath: m_LocalEulerAnglesHint.z
      value: 90
      objectReference: {fileID: 0}
    - target: {fileID: 8174793560525914439, guid: 44451cb9d9a1faa41bd0dd6872ad9c5a, type: 3}
      propertyPath: m_Name
      value: coin
      objectReference: {fileID: 0}
    m_RemovedComponents: []
  m_SourcePrefab: {fileID: 100100000, guid: 44451cb9d9a1faa41bd0dd6872ad9c5a, type: 3}
--- !u!4 &4555954034381554494 stripped
Transform:
  m_CorrespondingSourceObject: {fileID: 8174793560525914435, guid: 44451cb9d9a1faa41bd0dd6872ad9c5a, type: 3}
  m_PrefabInstance: {fileID: 5640955758836073085}
  m_PrefabAsset: {fileID: 0}
